%% This BibTeX bibliography file was created using BibDesk.
%% http://bibdesk.sourceforge.net/

%% Created for Manuel Schneider at 2016-06-30 17:35:20 +0200 


%% Saved with string encoding Unicode (UTF-8) 


@article{impala,
	title   = {{Impala: A Modern, Open-Source SQL Engine for Hadoop}},
	author  = {Cloudera},
    journal = {Biennial Conference on Innovative Data Systems Research},
    year    = {2015}
 }